@BOOK{Wettl04,
  author = "Ferenc Wettl and Gyula Mayer and Péter Szabó",
  title = "\LaTeX~kézikönyv",
  publisher = "Panem Könyvkiadó",
  year = 2004
}
@ARTICLE{Candy86,
author = "James C. Candy",
title = "Decimation for Sigma Delta Modulation",
journal =  "{IEEE} Trans.\ on Communications",
volume = 34,
number = 1,
pages = "72--76",
month = jan,
year = 1986,
}
@INPROCEEDINGS{Lee87,
  author = "Wai L. Lee and Charles G. Sodini",
  title = "A Topology for Higher Order Interpolative Coders",
  booktitle = "Proc.\ of the IEEE International Symposium on Circuits and Systems",
  year = 1987,
  vol = 2,
  month = may # "~4--7",
  address = "Philadelphia, PA, USA",
  pages = "459--462"
}
@PHDTHESIS{KissPhD,
  author = "Peter Kiss",
  title = "Adaptive Digital Compensation of Analog Circuit Imperfections for Cascaded Delta-Sigma Analog-to-Digital Converters",
  school = "Technical University of Timi\c{s}oara, Romania",
  month = apr,
  year = 2000
}
@MANUAL{Schreier00,
  author = "Richard Schreier",
  title = "The Delta-Sigma Toolbox v5.2",
  organization = "Oregon State University",
  year = 2000,
  month = jan,
  note = "\newline URL: http://www.mathworks.com/matlabcentral/fileexchange/"
}
@MISC{DipPortal,
  author = "Budapesti {M}űszaki és {G}azdaságtudományi {E}gyetem, {V}illamosmérnöki és {I}nformatikai {K}ar",
  title = "{D}iplomaterv portál (2011 február 26.)",
  howpublished = "\url{http://diplomaterv.vik.bme.hu/}",
}

@MISC{ScaleCube,
  author = "Chris Richardson",
  title = "The {S}cale {C}ube",
  howpublished = "\url{http://microservices.io/articles/scalecube.html}"
}

@MISC{PipesPattern,
  author = "Microsoft",
  title = "{P}ipes and {F}ilters {P}attern",
  howpublished = "\url{https://msdn.microsoft.com/en-us/library/dn568100.aspx}"
}

@MISC{PubSubscribed,
  author = "Microsoft",
  title = "{P}ublish/{S}ubscribe",
  howpublished = "\url{https://msdn.microsoft.com/en-us/library/ff649664.aspx}"
}

@INPROCEEDINGS{Archivematica,
  author = "Peter Van Garderen",
  title = "Archivematica: Using Micro-Services and open-source software to deliver a conprehensive digital curation solution",
  booktitle = "iPres 2010",
  year = 2010,
  vol = 1,
  month = sept # "~19--24",
  address = "Vienna, Austria",
  pages = "145--150",
  howpublished = "\url{http://citeseerx.ist.psu.edu/viewdoc/download?doi=10.1.1.384.7168&rep=rep1&type=pdf#page=145}"
}

@ARTICLE{Microtelco,
  author = "Manfred Sneps-Sneppe, Dmitry Namiot",
  title = "Micro-service Architecture for Emerging Telecom Applications",
  journal = "International Journal of Open Information Technologies ISSN: 2307-8162",
  year = 2014,
  month = oct,
  vol = 2,
  number = 11,
  pages = "1-5",
  howpublished = "\url{http://injoit.ru/index.php/j1/article/view/161/119}"
}

@MISC{MicroServicePattern,
  author = "Chris Richardson (Kong)",
  title = "Pattern: Microservices Architecture",
  howpublished = "\url{http://microservices.io/patterns/microservices.html}"
}
@MISC{MicroLight,
  author = "Jose Ignacio Fernández-Villamor, Carlos Á. Iglesias, Mercedes Garijo",
  title = "Microservices: Lightwieght services descriptors for REST architectural style",
  howpublished = "\url{http://oa.upm.es/8128/1/INVE_MEM_2010_81293.pdf}"
}
@MISC{MicroArch,
  author = "Dimirty Namiot, Manfréd Sneps-Sneppe",
  title = "On Mirco-services Architecture",
  howpublished = "\url{http://cyberleninka.ru/article/n/on-micro-services-architecture}"
}
@MISC{AutmoatedDeploy,
  author = "Augusto Ciuffolettia",
  title = "Automated deployment of a microservice-based monitoring infrastructure",
  howpublished = "\url{http://ac.els-cdn.com/S187705091503077X/1-s2.0-S187705091503077X-main.pdf?_tid=83f9a800-e3fa-11e5-9747-00000aacb35e&acdnat=1457310260_fa7b3e651c221cf0307fbb2d6c7f59a6}"
}
@MISC{DigitPreserve,
  author = "Reagan Moore",
  title = "Towards a Theory of Digital Preservation",
  howpublished = "\url{http://ijdc.net/index.php/ijdc/article/view/63/42}"
}
@MISC{MicroIntroPt1,
  author = "Sebastián Peyrott",
  title = "An Introduction to Microservices, Part 1",
  howpublished = "\url{https://auth0.com/blog/2015/09/04/an-introduction-to-microservices-part-1/}"
}
@MISC{MicroTerm,
  author = "James Lewis, Martin Fowler",
  title = "Microservices a definition of this new architectural term",
  howpublished = "\url{http://martinfowler.com/articles/microservices.html}"
}
@MISC{MicroIntroPt3,
  author = "Sebastián Peyrott",
  title = "An Introduction to Microservices, Part 3: The Service Registry",
  howpublished = "\url{https://auth0.com/blog/2015/10/02/an-introduction-to-microservices-part-3-the-service-registry/}"
}
@MISC{GoldenRules,
  author = "Mrina Natarajan",
  title = "3 golden rules of microservices deployments",
  howpublished = "\url{http://devops.com/2015/05/07/3-golden-rules-microservices-deployments/}"
}
@MISC{ElasticBox,
  author = "ElasticBox",
  title = "ElasticBox",
  howpublished = "\url{https://elasticbox.com/how-it-works}"
}
@MISC{Kubernetes,
  author = "ElasticBox",
  title = "Kubernetes",
  howpublished = "\url{https://elasticbox.com/kubernetes}"
}
@MISC{JenkinsElasticBox,
  author = "Jenkins",
  title = "ElasticBox CI",
  howpublished = "\url{https://wiki.jenkins-ci.org/display/JENKINS/ElasticBox+CI}"
}
@MISC{DeployStartegy,
  author = "Chris Richardson",
  title = "Choosing a Microservices Deployment Strategy",
  howpublished = "\url{https://www.nginx.com/blog/deploying-microservices/}"
}
